@book{jorgensen2018software,
  title     = {Software testing: a craftsmanâ€™s approach},
  author    = {Jorgensen, Paul C},
  year      = {2018},
  publisher = {CRC press}
}


@online{guru99-software-testing,
  author   = {Thomas Hamilton},
  title    = {What is Software Testing? Definition},
  url      = {https://www.guru99.com/software-testing-introduction-importance.html},
  addendum = {accessed: 12.06.2023},
  keywords = {software testing}
}

@online{guru99-whitebox-testing,
  author   = {Thomas Hamilton},
  title    = {White Box testing - What is, Techniques, Example and Types},
  url      = {https://www.guru99.com/white-box-testing.html},
  addendum = {accessed: 12.06.2023},
  keywords = {unit testing}
}

@online{AWS-caching,
  author   = {Amazon AWS},
  title    = {Caching Overview},
  url      = {https://aws.amazon.com/caching/},
  addendum = {accessed: 12.06.2023},
  keywords = {caching}
}


@misc{businessinsider_cache,
  author   = {Dave Johnson},
  title    = {What Is Cache? A Beginner's Guide to Caching in Technology},
  url      = {https://www.businessinsider.com/guides/tech/what-is-cache?op=1},
  addendum = {accessed: 13.06.2023},
  keywords = {cache, caching, technology, beginner's guide}
}