@book{Js_book_Flanagan_2020, 
    place={Beijing China}, 
    title={JavaScript: The definitive guide: Master the world's most-used programming language}, 
    publisher={O'Reilly Media, Inc.}, 
    author={Flanagan, David}, 
    year={2020}
}

@online{TypeScript_official,
	title = {TypeScript},
	url = {https://www.typescriptlang.org/},
	addendum = {Accessed: 14.06.2023},
	keywords = {typescript}
}

@online{React_official,
	title = {React - A JavaScript library for building user interfaces},
	url = {https://legacy.reactjs.org/},
	addendum = {Accessed: 14.06.2023},
	keywords = {react, react homepage}
}

@online{React_state_props,
	title = {Component State - React},
	url = {https://legacy.reactjs.org/docs/faq-state.html},
	addendum = {Accessed: 14.06.2023},
	keywords = {state, props, state and props}
}

@online{React_VDOM_DOM,
	title = {Virtual DOM and Internals - React},
	url = {https://legacy.reactjs.org/docs/faq-internals.html},
	addendum = {Accessed: 14.06.2023},
	keywords = {dom, vdom, virtual dom, react dom}
}

@online{React_rendering_needed,
	title = {Rendering Elements - React},
	url = {https://legacy.reactjs.org/docs/rendering-elements.html#react-only-updates-whats-necessary},
	addendum = {Accessed: 14.06.2023},
	keywords = {rendering, update rendering}
}

@inbook{Banks_Porcello_2020, 
    place={Sebastopol, CA}, 
    title={How React Works, React Components, TOUR STOP 2: CLASS COMPONENTS}, 
    booktitle={Learning react: Modern patterns for developing react apps}, 
    publisher={O'Reilly}, 
    author={Banks, Alex and Porcello, Eve}, 
    year={2020}
}

@online{React_functional_components_hooks,
	title = {React v16.8: The One With Hooks},
	url = {https://legacy.reactjs.org/blog/2019/02/06/react-v16.8.0.html},
	addendum = {Accessed: 14.06.2023},
	keywords = {functional components, hooks, bye class components}
}

@online{React_general_hooks,
	title = {Built-in React Hooks - React},
	url = {https://react.dev/reference/react},
	addendum = {Accessed: 14.06.2023},
	keywords = {explain hooks, general hooks}
}

@online{React_useEffect,
	title = {Synchronizing with Effects - React},
	url = {https://react.dev/learn/synchronizing-with-effects},
	addendum = {Accessed: 14.06.2023},
	keywords = {React useEffect}
}

@online{React_useState,
	title = {useState - React},
	url = {https://react.dev/reference/react/useState},
	addendum = {Accessed: 14.06.2023},
	keywords = {React useState}
}

@online{Nextjs_use_webpack,
	title = {Custom Webpack Config},
	url = {https://nextjs.org/docs/app/api-reference/next-config-js/webpack},
	addendum = {Accessed: 14.06.2023},
	keywords = {Nextjs custom webpack}
}


 @inbook{Banks_Porcello_2020_npm, 
    place={Sebastopol, CA}, 
    title={Installing Node.js}, 
    booktitle={Learning react: Modern patterns for developing react apps}, 
    publisher={O'Reilly}, 
    author={Banks, Alex and Porcello, Eve}, 
    year={2020}
}

@online{Nextjs_general,
	title = {What is Next.js? | Learn Next.js},
	url = {https://nextjs.org/learn/foundations/about-nextjs/what-is-nextjs},
	addendum = {Accessed: 14.06.2023},
	keywords = {Nextjs general}
}

@online{Nextjs_compiler,
	title = {Development and Production Environments - How Next.js Works | Learn Next.js},
	url = {https://nextjs.org/learn/foundations/how-nextjs-works/development-and-production},
	addendum = {Accessed: 14.06.2023},
	keywords = {Nextjs compiler}
}

@online{Nextjs_compiling,
	title = {What is Compiling? - How Next.js Works | Learn Next.js},
	url = {https://nextjs.org/learn/foundations/how-nextjs-works/compiling},
	addendum = {Accessed: 14.06.2023},
	keywords = {Nextjs compiling}
}

@online{Nextjs_depth_compiler,
	title = {Architecture: Next.js Compiler | Next.js},
	url = {https://nextjs.org/docs/architecture/nextjs-compiler},
	addendum = {Accessed: 14.06.2023},
	keywords = {Nextjs compiler performance}
}

@online{Nextjs_minifiying,
	title = {What is Minifying? - How Next.js Works | Learn Next.js},
	url = {https://nextjs.org/learn/foundations/how-nextjs-works/minifying},
	addendum = {Accessed: 14.06.2023},
	keywords = {Nextjs minifying}
}

@online{Nextjs_bundling,
	title = {What is Bundling? - How Next.js Works | Learn Next.js},
	url = {https://nextjs.org/learn/foundations/how-nextjs-works/bundling},
	addendum = {Accessed: 14.06.2023},
	keywords = {Nextjs bundling}
}

@online{Nextjs_code_splitting,
	title = {What is Code Splitting? - How Next.js Works | Learn Next.js},
	url = {https://nextjs.org/learn/foundations/how-nextjs-works/code-splitting},
	addendum = {Accessed: 14.06.2023},
	keywords = {Nextjs code splitting}
}

@online{Nextjs_vercel,
	title = {Next.js on Vercel - Vercel},
	url = {https://vercel.com/solutions/nextjs},
	addendum = {Accessed: 14.06.2023},
	keywords = {Nextjs vercel}
}

@online{axios_github_general,
	title = {Axios features},
	url = {https://github.com/axios/axios#features},
	addendum = {Accessed: 14.06.2023},
	keywords = {axios github, axios feature}
}

@online{formik_overview,
	title = {Overview | Formik},
	url = {https://formik.org/docs/overview},
	addendum = {Accessed: 15.06.2023},
	keywords = {formik general, formik feature}
}

@online{infinite_scroll_overview,
	title = {react-infinite-scroll},
	url = {https://www.npmjs.com/package/react-infinite-scroll-component},
	addendum = {Accessed: 15.06.2023},
	keywords = {infinite scroll}
}

@online{react-paginate,
	title = {react-paginate},
	url = {https://www.npmjs.com/package/react-paginate},
	addendum = {Accessed: 15.06.2023},
	keywords = {paginate library}
}

