@article{indonesia2017infografis,
  title   = {Infografis Penetrasi dan Perilaku Pengguna Internet Indonesia},
  author  = {Indonesia, APJI},
  journal = {ID: APJII},
  year    = {2017}
}


@online{pengajar-kualitatif,
  author   = {Pak Alex},
  title    = {Pengertian Metode Penelitian Kualitatif},
  url      = {https://pengajar.co.id/metode-penelitian-kualitatif/},
  addendum = {accessed: 10.12.2022},
  keywords = {Metode penelitian}
}


@article{design-pattern-2588942,
  title     = {Design patterns: elements of reusable object-oriented software},
  author    = {Erich Gamma;Richard Help;Ralph E. Johnson;John Vlissides},
  publisher = {Pearson Education},
  isbn      = {9789332555402,9332555400},
  year      = {2016},
  pages     = {13}
}

@book{atencio2016functional,
  title     = {Functional Programming in JavaScript: How to improve your JavaScript programs using functional techniques},
  author    = {Atencio, Luis},
  year      = {2016},
  pages     = {5-15},
  publisher = {Simon and Schuster}
}

@online{letsgodojo-frontend-backend,
  author   = {DOJO Creative},
  journal  = {letsgodojo.com},
  title    = {Front End vs Back End of Your Website: Everything You Need to Know},
  url      = {https://letsgodojo.com/front-end-vs-back-end/},
  year     = {2020},
  addendum = {accessed: 13.12.2022}
}

@online{spring-framework,
  author   = {VMware},
  journal  = {spring.io},
  title    = {Spring Framework 6.0.3},
  url      = {https://spring.io/projects/spring-framework},
  year     = {2022},
  addendum = {accessed: 11.12.2022}
}

@online{codecademy-backend,
  author   = {Codecademy Team},
  journal  = {codecademy.com},
  title    = {What Is Back End},
  url      = {https://www.codecademy.com/resources/blog/what-is-back-end/},
  year     = {2021},
  addendum = {accessed: 11.12.2022}
}

@online{codecademy-frontend,
  author   = {Codecademy Team},
  journal  = {codecademy.com},
  title    = {What Is Front End},
  url      = {https://www.codecademy.com/resources/blog/what-is-front-end/},
  year     = {2021},
  addendum = {accessed: 10.12.2022}
}

@book{liang_liang_2021,
  place     = {Harlow},
  title     = {Introduction to java programming and data structures, comprehensive version},
  publisher = {Pearson Education, Limited},
  author    = {Liang, Y. and Liang, Y.},
  year      = {2017}
} 

@online{education-erin-oop-2020,
  author   = {Erin Doherty},
  journal  = {Educative.io},
  title    = {What is object-oriented programming? OOP explained in depth},
  url      = {https://www.educative.io/blog/object-oriented-programming},
  year     = {2020},
  addendum = {accessed: 09.12.2022}
}

@online{javascript-mdn,
  author   = {MDN Web Docs},
  title    = {JavaScrip | MDNt},
  url      = {https://developer.mozilla.org/en-US/docs/Web/JavaScript},
  addendum = {accessed: 20.12.2022},
  keywords = {javascript mdn}
}

@book{fenton2014pro,
  title     = {Pro TypeScript},
  author    = {Fenton, Steve and Fenton and Spearing},
  year      = {2014},
  publisher = {Springer}
}

@online{react-general,
  author   = {Meta Platforms, Inc.},
  title    = {React – A JavaScript library for building user interfaces},
  url      = {https://reactjs.org/},
  addendum = {accessed: 20.12.2022},
  keywords = {react general fitur}
}

@online{react-hooks,
  author   = {Meta Platforms, Inc.},
  title    = {React v16.8: The One With Hooks},
  url      = {https://reactjs.org/blog/2019/02/06/react-v16.8.0.html},
  addendum = {accessed: 20.12.2022},
  keywords = {react hooks}
}

@online{react-hooks-lifecycle,
  author   = {Meta Platforms, Inc.},
  title    = {Using the Effect Hook},
  url      = {https://reactjs.org/docs/hooks-effect.html},
  addendum = {accessed: 20.12.2022},
  keywords = {react useeffect}
}

@online{javascript-mdn,
  author   = {MDN Web Docs},
  title    = {JavaScrip | MDNt},
  url      = {https://developer.mozilla.org/en-US/docs/Web/JavaScript},
  addendum = {accessed: 20.12.2022},
  keywords = {javascript mdn}
}

@book{fenton2014pro,
  title     = {Pro TypeScript},
  author    = {Fenton, Steve and Fenton and Spearing},
  year      = {2014},
  publisher = {Springer}
}

@online{react-general,
  author   = {Meta Platforms, Inc.},
  title    = {React – A JavaScript library for building user interfaces},
  url      = {https://reactjs.org/},
  addendum = {accessed: 20.12.2022},
  keywords = {react general fitur}
}

@online{react-hooks,
  author   = {Meta Platforms, Inc.},
  title    = {React v16.8: The One With Hooks},
  url      = {https://reactjs.org/blog/2019/02/06/react-v16.8.0.html},
  addendum = {accessed: 20.12.2022},
  keywords = {react hooks}
}

@online{react-hooks-lifecycle,
  author   = {Meta Platforms, Inc.},
  title    = {Using the Effect Hook},
  url      = {https://reactjs.org/docs/hooks-effect.html},
  addendum = {accessed: 20.12.2022},
  keywords = {react useeffect}
}

@book{refactoring-guru,
  title     = {Dive Into Design Pattern},
  publisher = {Refactoring Guru},
  author    = {Alexander Shvets},
  pages     = {103-105;137-138;210;382-384},
  year      = {2019}
} 

@book{architectural-pattern,
  author    = {Pethuru Raj; Anupama Raman; Harihara Subramanian},
  editor    = {Safis Editing},
  publisher = {Packt Publishing Ltd.},
  title     = {Architectural Patterns: Uncover essential patterns in the most indispensable realm of enterprise architecture},
  pages     = {13;14;19-24;67-68},
  year      = {2017}
}

@online{archi-pattern,
  author   = {Vijini Mallawaarachchi},
  title    = {10 Common Software Architectural Patterns in a nutshell},
  url      = {https://towardsdatascience.com/10-common-software-architectural-patterns-in-a-nutshell-a0b47a1e9013},
  addendum = {accessed: 21.12.2022},
  keywords = {architectural pattern software engineering}
}

@article{zaidi2022passion,
  title  = {Passion\, Hobby\, \& Activity (PHA)},
  author = {Zaidi, Umar Syed},
  year   = {2022}
}

@online{what-is-web-app,
  author   = {TechTarget Contributor},
  journal  = {techtarget.com},
  title    = {Web application (Web app)},
  url      = {https://www.techtarget.com/searchsoftwarequality/definition/Web-application-Web-app},
  addendum = {accessed: 22.12.2022}
}

@online{atlassian-agile,
  author   = {Atlassian Team},
  title    = {The Agile Coach},
  url      = {https://www.atlassian.com/agile},
  addendum = {accessed: 22.12.2022},
  keywords = {Agile SDLC}
}

@article{agriculture-marketplace,
  author  = {Heru Nugroho;Robbi Hendriyanto;Kautsar Tisamawi},
  journal = {Journal of Applied IT},
  number  = {2},
  title   = {Application for Marketplace Agricultural Product},
  volume  = {2},
  year    = {2018},
  doi     = {https://doi.org/10.25124/ijait.v2i02.1286},
}

@article{fishes-marketplace,
  author  = {Mohammad Nazrul Mornie;Nurfauza Jali;Kartinah Zen;Suriati Khartini Jali},
  journal = {Trends in Undergraduate Research},
  number  = {1},
  title   = {e-Nelayan the Fishery Marketplace App},
  volume  = {4},
  year    = {2021},
  pages   = {1-10},
  doi     = {https://doi.org/10.33736/tur.2543.2021},
}

@article{lidi-car-rental,
  author    = {N F Rozi;M Ruswiansari;A Rachman;S R Wardhana;L Istiyanto},
  title     = {The Development of LIDI: A Web-Based Car Rent Marketplace Application in Sidoarjo, Indonesia},
  publisher = {IOP Publishing Ltd},
  volume    = {462},
  year      = {2019}
}

@article{bum-mekarsari,
  author  = {Rachmadita Andreswari;Nia Ambarsari;Alvi Syahrina;Warih Puspitasari;Atik Novianti;Irfan Darmawan},
  journal = {International Journal of Innovation in Enterprise System},
  number  = {1},
  title   = {Design of e-Marketplace for Village-owned Small, Micro and Medium Enterprise using Rapid Application Development},
  volume  = {4},
  year    = {2020}
}

@article{c2c-fish-marketplace,
  author    = {Dwi Ely Kurniawan;Nur Zahrati Janah;Ari Wibowo;Miratul Khusna Mufida;Purwono Prasetyawan},
  title     = {C2C marketplace model in fishery product trading application using SMS gateway},
  publisher = {EDP Sciences},
  volume    = {197},
  year      = {2018},
  doi       = {https://doi.org/10.1051/matecconf/201819715001},
}

@inproceedings{adiwardana2019,
  title        = {Personalized Recommendation System for Indonesian E-commerce using User Profiling and Item Representation Learning},
  author       = {Adiwardana, Andhika and Wibowo, Adhi and Fanany, Muhammad Ivan},
  booktitle    = {2019 International Conference on Advanced Computer Science and Information Systems (ICACSIS)},
  pages        = {163--168},
  year         = {2019},
  organization = {IEEE}
}

@article{tian2019exploring,
  title     = {Exploring the effects of personalized recommendation on users’ satisfaction and loyalty in e-commerce},
  author    = {Tian, Jin and Liu, Yujia and Chen, Lu and Guo, Xitong},
  journal   = {Telematics and Informatics},
  volume    = {43},
  pages     = {101-102},
  year      = {2019},
  publisher = {Elsevier}
}

@article{karimi2018news,
  title     = {News recommender systems--Survey and roads ahead},
  author    = {Karimi, Mozhgan and Jannach, Dietmar and Jugovac, Michael},
  journal   = {Information Processing \& Management},
  volume    = {54},
  number    = {6},
  pages     = {123--127},
  year      = {2018},
  publisher = {Elsevier}
}

@article{guo2020survey,
  title         = {A Survey on Knowledge Graph-Based Recommender Systems},
  author        = {Qingyu Guo and Fuzhen Zhuang and Chuan Qin and Hengshu Zhu and Xing Xie and Hui Xiong and Qing He},
  year          = {2020},
  eprint        = {2003.00911},
  archiveprefix = {arXiv},
  primaryclass  = {cs.IR}
}

@article{boredom-in-covid-19-pandemic,
  author  = {James Danckert},
  journal = {MDPI - Behavioral Sciences},
  number  = {11},
  title   = {Boredom in The COVID-19 Pandemic},
  url     = {https://www.ncbi.nlm.nih.gov/pmc/articles/PMC9687330/},
  volume  = {12},
  year    = {2022}
}

@online{hobbycraft-fast-online-growth,
  author   = {Chloe Rigby},
  title    = {Hobbycraft sees fast online growth as millennials take up new hobbies in lockdown},
  url      = {https://internetretailing.net/hobbycraft-sees-fast-online-growth-as-millennials-take-up-new-hobbies-in-lockdown-23454/},
  addendum = {accessed: 01.05.2023},
  keywords = {increase in the number of hobby markets since the pandemic covid 19}
}

@online{tokped-hobbies-goods-sales-increased,
  author   = {Laila Afifa},
  title    = {Tokopedia: Hobbies Goods' Sales Increase during Pandemic},
  url      = {https://en.tempo.co/read/1425922/tokopedia-hobbies-goods-sales-increase-during-pandemic},
  addendum = {accessed: 01.05.2023},
  keywords = {increase in the number of hobby markets since the pandemic covid 19}
}

@online{what-is-UML,
  author   = {Visual Paradigm},
  title    = {What is Unified Modeling Language (UML)?},
  url      = {https://www.visual-paradigm.com/guide/uml-unified-modeling-language/what-is-uml/},
  addendum = {accessed: 13.06.2023},
  keywords = {what is uml}
}

@online{educativeio-include-extend-usecase,
  author   = {Eman Kashif},
  title    = {What are include and extend relationships in a use case diagram?},
  url      = {https://www.educative.io/answers/what-are-include-and-extend-relationships-in-a-use-case-diagram},
  addendum = {accessed: 15.06.2023},
  keywords = {use case diagram include and extend meaning}
}

@online{what-is-class-diagram,
  author   = {Visual Paradigm},
  title    = {What is Class Diagram?},
  url      = {https://www.visual-paradigm.com/guide/uml-unified-modeling-language/what-is-class-diagram/},
  addendum = {accessed: 13.06.2023},
  keywords = {class diagram}
}

@online{what-is-usecase-diagram,
  author   = {Visual Paradigm},
  title    = {What is Use Case Diagram?},
  url      = {https://www.visual-paradigm.com/guide/uml-unified-modeling-language/what-is-use-case-diagram/},
  addendum = {accessed: 15.06.2023},
  keywords = {what is use case diagram}
}

@online{what-is-sequence-diagram,
  author   = {Visual Paradigm},
  title    = {What is Sequence Diagram?},
  url      = {https://www.visual-paradigm.com/guide/uml-unified-modeling-language/what-is-sequence-diagram/},
  addendum = {accessed: 15.06.2023},
  keywords = {sequence diagram}
}

@online{javatpoint-internet,
  author   = {javaTpoint},
  title    = {What is the Internet? Definition, Uses, History},
  url      = {https://www.javatpoint.com/internet},
  addendum = {accessed: 14.06.2023},
  keywords = {what is internet}
}

@online{gfg-internet,
  author   = {jimishravat2802},
  title    = {What is Internet? Definition, Uses, Working, Advantages and Disadvantages},
  url      = {https://www.geeksforgeeks.org/what-is-internet-definition-uses-working-advantages-and-disadvantages/},
  addendum = {accessed: 14.06.2023},
  keywords = {what is internet}
}

@online{arti-kata-internet,
  author   = {Gramedia Blog},
  title    = {Pengertian Jaringan Internet: Sejarah, Fungsi, Manfaat, dan Dampaknya},
  url      = {https://www.gramedia.com/literasi/jaringan-internet/},
  addendum = {accessed: 15.06.2023},
  keywords = {internet}
}

@online{arti-client-server,
  author   = {Md. Sajid},
  title    = {Difference between Client and Server},
  url      = {https://www.tutorialspoint.com/difference-between-client-and-server#:~:text=Clients%20act%20as%20the%20front,storing%20and%20managing%20the%20data.},
  addendum = {accessed: 15.06.2023},
  keywords = {client vs server}
}

@online{what-is-ip-address,
  author   = {Kaspersky Lab},
  title    = {What is an IP Address - Definition and Explanation},
  url      = {https://www.kaspersky.com/resource-center/definitions/what-is-an-ip-address},
  addendum = {accessed: 15.06.2023},
  keywords = {what is ip address}
}

@online{what-is-domain-name,
  author   = {Cloudflare, Inc.},
  title    = {What is a domain name? Domain name vs. URL},
  url      = {https://www.cloudflare.com/learning/dns/glossary/what-is-a-domain-name/},
  addendum = {accessed: 15.06.2023},
  keywords = {what is domain name}
}

@online{what-is-dns,
  author   = {Cloudflare, Inc.},
  title    = {What is DNS? How DNS works},
  url      = {https://www.cloudflare.com/learning/dns/what-is-dns/},
  addendum = {accessed: 15.06.2023},
  keywords = {what is dns}
}

@online{what-is-isp,
  author   = {WhatIsMyIPAddress.com},
  title    = {What is an Internet Service Provider or ISP?},
  url      = {https://whatismyipaddress.com/isp},
  addendum = {accessed: 15.06.2023},
  keywords = {internet service provider}
}

@online{webpage-website-webserver,
  author   = {Mozilla Corporation},
  title    = {What is the difference between webpage, website, web server, and search engine?},
  url      = {https://developer.mozilla.org/en-US/docs/Learn/Common_questions/Web_mechanics/Pages_sites_servers_and_search_engines},
  addendum = {accessed: 15.06.2023},
  keywords = {web vs web server}
}

@online{web-browsers,
  author   = {Kiran Kumar Panigrahi},
  title    = {Difference between Web Browser and Web Server},
  url      = {https://www.tutorialspoint.com/difference-between-web-browser-and-web-server#:~:text=The%20most%20basic%20difference%20between,when%20requested%20by%20web%20browsers.},
  addendum = {accessed: 15.06.2023},
  keywords = {web browser}
}

@online{types-of-internet-protocols,
  author   = {kumarankit4685},
  title    = {Types of Internet Protocols},
  url      = {https://www.geeksforgeeks.org/types-of-internet-protocols/},
  addendum = {accessed: 15.06.2023},
  keywords = {internet connection protocols}
}

@online{what-is-internet-protocol,
  author   = {Cloudflare, Inc.},
  title    = {What is the Internet Protocol?},
  url      = {https://www.cloudflare.com/learning/network-layer/internet-protocol/},
  addendum = {accessed: 15.06.2023},
  keywords = {internet connection protocols}
}

@online{whats-api,
  author   = {Red Hat, Inc.},
  title    = {What is an API?},
  url      = {https://www.redhat.com/en/topics/api/what-are-application-programming-interfaces},
  addendum = {accessed: 15.06.2023},
  keywords = {what is api}
}

@online{whats-api-2,
  author   = {Cloudflare, Inc.},
  title    = {What is an API?},
  url      = {https://www.cloudflare.com/learning/security/api/what-is-an-api/},
  addendum = {accessed: 15.06.2023},
  keywords = {what is api}
}

@online{whats-api-call,
  author   = {Cloudflare, Inc.},
  title    = {What is an API call?},
  url      = {https://www.cloudflare.com/learning/security/api/what-is-api-call/},
  addendum = {accessed: 15.06.2023},
  keywords = {api call}
}

@book{uml-satzinger,
  author    = {John W. Satzinger, Robert B. Jackson, Stephen D. Burd},
  publisher = {Cengage Learning},
  title     = {Systems Analysis and Design In a Changing World},
  year      = {2015},
  edition   = {7},
  pages     = {60-63;81-87;103-114;139-146;376-382}
}

@online{dictionary-interest,
  author    = {Oxford Languages},
  title     = {Oxford Languages and Google},
  url       = {https://languages.oup.com/google-dictionary-en/},
  addendum  = {accessed: 31.7.2023},
  keywords  = {interest meaning}
}

@online{dictionary-level,
  author    = {Oxford Languages},
  title     = {Oxford Languages and Google},
  url       = {https://languages.oup.com/google-dictionary-en/},
  addendum  = {accessed: 31.7.2023},
  keywords  = {level meaning}
}

@online{arti-kata-minat,
  author    = {Kemdikbud Republik Indonesia},
  title     = {KBBI Daring},
  url       = {https://kbbi.kemdikbud.go.id/entri/minat},
  addendum  = {accessed: 31.7.2023},
  keywords  = {arti kata minat}
}

@mastersthesis{kriteria-minat,
  author  = {Faozan Fikri},
  school  = {Universitas Muhammadiyah Purwokerto},
  title   = {Faktor-faktor yang Mempengaruhi Minat Mahasiswa Terhadap Prestasi Akademik Pada Mahassiwa Keperawatan S1 Semester VIII di Fakultas Ilmu Kesehatan UMP},
  year    = {2015}
}

@book{hobbyist-types,
  author    = {Robert A. Stebbins},
  publisher = {Springer Nature},
  title     = {The Serious Leisure Perspective A Synthesis},
  year      = {2020}
}