@article{indonesia2017infografis,
  title={Infografis Penetrasi dan Perilaku Pengguna Internet Indonesia},
  author={Indonesia, APJI},
  journal={ID: APJII},
  year={2017}
}

@article{langstedt2022loneliness,
  title={Loneliness and Hobby Adoption:: Social Networking During the COVID-19 Pandemic},
  author={Langstedt, Eric and Hunt, Daniel},
  journal={The Journal of Social Media in Society},
  volume={11},
  number={1},
  pages={81--102},
  year={2022}
}
